{
  "leader": "02239cam a2200469 i 4500",
  "fields": [
    {
      "001": "ocm02886247\\"
    },
    {
      "003": "OCoLC"
    },
    {
      "005": "20230118105402.0"
    },
    {
      "008": "770413s1955\\\\\\\\enkbcf\\\\\\b\\\\\\\\000\\0beng\\c"
    },
    {
      "007": "ta"
    },
    {
      "010": {
        "ind1": "\\",
        "ind2": "\\",
        "subfields": [
          {
            "a": "a  56002307 "
          }
        ]
      }
    },
    {
      "040": {
        "ind1": "\\",
        "ind2": "\\",
        "subfields": [
          {
            "a": "Rochester. Univ. Libr."
          },
          {
            "b": "eng"
          },
          {
            "c": "TJC"
          },
          {
            "d": "IAY"
          },
          {
            "d": "UKM"
          },
          {
            "d": "B2Q"
          },
          {
            "d": "OCLCQ"
          },
          {
            "d": "OCLCG"
          },
          {
            "d": "DRB"
          },
          {
            "d": "UKV3G"
          },
          {
            "d": "OCLCO"
          },
          {
            "d": "GBVCP"
          },
          {
            "d": "EUM"
          },
          {
            "d": "CNAHP"
          },
          {
            "d": "OCLCO"
          },
          {
            "d": "OCLCQ"
          },
          {
            "d": "OCLCO"
          },
          {
            "d": "OCLCF"
          },
          {
            "d": "UKMGB"
          },
          {
            "d": "UEJ"
          },
          {
            "d": "NLC"
          },
          {
            "d": "OCLCQ"
          },
          {
            "d": "OCLCO"
          },
          {
            "d": "OCLCQ"
          },
          {
            "d": "OCLCA"
          },
          {
            "d": "HLS"
          },
          {
            "d": "BUB"
          },
          {
            "d": "UWO"
          },
          {
            "d": "OCLCQ"
          },
          {
            "d": "OCLCO"
          },
          {
            "d": "UWW"
          },
          {
            "d": "OCLCQ"
          },
          {
            "d": "OCLCO"
          },
          {
            "d": "OCLCA"
          },
          {
            "d": "YBM"
          },
          {
            "d": "OCLCO"
          },
          {
            "d": "OCL"
          },
          {
            "d": "OCLCO"
          },
          {
            "d": "OCLCQ"
          },
          {
            "d": "J9U"
          }
        ]
      }
    },
    {
      "016": {
        "ind1": "\\",
        "ind2": "\\",
        "subfields": [
          {
            "a": "(AMICUS)000003593856"
          }
        ]
      }
    },
    {
      "016": {
        "ind1": "7",
        "ind2": "\\",
        "subfields": [
          {
            "a": "009642253"
          },
          {
            "2": "Uk"
          }
        ]
      }
    },
    {
      "019": {
        "ind1": "\\",
        "ind2": "\\",
        "subfields": [
          {
            "a": "59022134"
          },
          {
            "a": "219400378"
          },
          {
            "a": "798223637"
          },
          {
            "a": "1043992719"
          },
          {
            "a": "1055984056"
          },
          {
            "a": "1056276027"
          },
          {
            "a": "1060814435"
          },
          {
            "a": "1073043028"
          },
          {
            "a": "1172548047"
          }
        ]
      }
    },
    {
      "035": {
        "ind1": "\\",
        "ind2": "\\",
        "subfields": [
          {
            "a": "(OCoLC)2886247"
          },
          {
            "z": "(OCoLC)59022134"
          },
          {
            "z": "(OCoLC)219400378"
          },
          {
            "z": "(OCoLC)798223637"
          },
          {
            "z": "(OCoLC)1043992719"
          },
          {
            "z": "(OCoLC)1055984056"
          },
          {
            "z": "(OCoLC)1056276027"
          },
          {
            "z": "(OCoLC)1060814435"
          },
          {
            "z": "(OCoLC)1073043028"
          },
          {
            "z": "(OCoLC)1172548047"
          }
        ]
      }
    },
    {
      "043": {
        "ind1": "\\",
        "ind2": "\\",
        "subfields": [
          {
            "a": "n-cn---"
          }
        ]
      }
    },
    {
      "050": {
        "ind1": "\\",
        "ind2": "4",
        "subfields": [
          {
            "a": "F1033"
          },
          {
            "b": ".F47 1955"
          }
        ]
      }
    },
    {
      "082": {
        "ind1": "0",
        "ind2": "4",
        "subfields": [
          {
            "a": "971.05"
          },
          {
            "b": "FER "
          }
        ]
      }
    },
    {
      "100": {
        "ind1": "1",
        "ind2": "\\",
        "subfields": [
          {
            "a": "Ferns, H. S."
          },
          {
            "q": "(Henry Stanley),"
          },
          {
            "d": "1913-1992."
          }
        ]
      }
    },
    {
      "245": {
        "ind1": "1",
        "ind2": "4",
        "subfields": [
          {
            "a": "The age of Mackenzie King :"
          },
          {
            "b": "the rise of the leader /"
          },
          {
            "c": "by H.S. Ferns and B. Ostry."
          }
        ]
      }
    },
    {
      "260": {
        "ind1": "\\",
        "ind2": "\\",
        "subfields": [
          {
            "a": "London :"
          },
          {
            "b": "William Heinemann, LTD.,"
          },
          {
            "c": "[1955]"
          }
        ]
      }
    },
    {
      "300": {
        "ind1": "\\",
        "ind2": "\\",
        "subfields": [
          {
            "a": "xii, 356 pages, 8 unnumbered pages of plates :"
          },
          {
            "b": "maps, portraits ;"
          },
          {
            "c": "22 cm"
          }
        ]
      }
    },
    {
      "336": {
        "ind1": "\\",
        "ind2": "\\",
        "subfields": [
          {
            "a": "text"
          },
          {
            "b": "txt"
          },
          {
            "2": "rdacontent"
          }
        ]
      }
    },
    {
      "337": {
        "ind1": "\\",
        "ind2": "\\",
        "subfields": [
          {
            "a": "unmediated"
          },
          {
            "b": "n"
          },
          {
            "2": "rdamedia"
          }
        ]
      }
    },
    {
      "338": {
        "ind1": "\\",
        "ind2": "\\",
        "subfields": [
          {
            "a": "volume"
          },
          {
            "b": "nc"
          },
          {
            "2": "rdacarrier"
          }
        ]
      }
    },
    {
      "504": {
        "ind1": "\\",
        "ind2": "\\",
        "subfields": [
          {
            "a": "\"A note concerning sources\": pages 336-337"
          }
        ]
      }
    },
    {
      "600": {
        "ind1": "1",
        "ind2": "0",
        "subfields": [
          {
            "a": "King, William Lyon Mackenzie,"
          },
          {
            "d": "1874-1950."
          }
        ]
      }
    },
    {
      "650": {
        "ind1": "\\",
        "ind2": "0",
        "subfields": [
          {
            "a": "Prime ministers"
          },
          {
            "z": "Canada"
          },
          {
            "y": "20th century."
          }
        ]
      }
    },
    {
      "651": {
        "ind1": "\\",
        "ind2": "0",
        "subfields": [
          {
            "a": "Canada"
          },
          {
            "x": "History"
          },
          {
            "y": "1914-1945."
          }
        ]
      }
    },
    {
      "600": {
        "ind1": "1",
        "ind2": "7",
        "subfields": [
          {
            "a": "King, William Lyon Mackenzie,"
          },
          {
            "d": "1874-1950."
          },
          {
            "2": "fast"
          },
          {
            "0": "(OCoLC)fst00016432"
          }
        ]
      }
    },
    {
      "650": {
        "ind1": "\\",
        "ind2": "7",
        "subfields": [
          {
            "a": "Prime ministers."
          },
          {
            "2": "fast"
          },
          {
            "0": "(OCoLC)fst01076416"
          }
        ]
      }
    },
    {
      "651": {
        "ind1": "\\",
        "ind2": "7",
        "subfields": [
          {
            "a": "Canada."
          },
          {
            "2": "fast"
          },
          {
            "0": "(OCoLC)fst01204310"
          }
        ]
      }
    },
    {
      "648": {
        "ind1": "\\",
        "ind2": "7",
        "subfields": [
          {
            "a": "1900-1999"
          },
          {
            "2": "fast"
          }
        ]
      }
    },
    {
      "648": {
        "ind1": "\\",
        "ind2": "7",
        "subfields": [
          {
            "a": "Since 1914"
          },
          {
            "2": "fast"
          }
        ]
      }
    },
    {
      "655": {
        "ind1": "\\",
        "ind2": "7",
        "subfields": [
          {
            "a": "History."
          },
          {
            "2": "fast"
          },
          {
            "0": "(OCoLC)fst01411628"
          }
        ]
      }
    },
    {
      "700": {
        "ind1": "1",
        "ind2": "\\",
        "subfields": [
          {
            "a": "Ostry, Bernard,"
          },
          {
            "d": "1927-"
          },
          {
            "e": "author."
          }
        ]
      }
    },
    {
      "776": {
        "ind1": "0",
        "ind2": "8",
        "subfields": [
          {
            "i": "Online version:"
          },
          {
            "a": "Ferns, H.S. (Henry Stanley), 1913-"
          },
          {
            "t": "Age of Mackenzie King."
          },
          {
            "d": "London, Heinemann [1955]"
          },
          {
            "w": "(OCoLC)645337999"
          }
        ]
      }
    },
    {
      "994": {
        "ind1": "\\",
        "ind2": "\\",
        "subfields": [
          {
            "a": "Z0"
          },
          {
            "b": "NYRVC"
          }
        ]
      }
    },
    {
      "948": {
        "ind1": "\\",
        "ind2": "\\",
        "subfields": [
          {
            "h": "NO HOLDINGS IN NYRVC - 279 OTHER HOLDINGS"
          }
        ]
      }
    },
    {
      "999": {
        "ind1": "\\",
        "ind2": "\\",
        "subfields": [
          {
            "a": "00000000018112"
          },
          {
            "b": "Copy 1"
          }
        ]
      }
    },
    {
      "999": {
        "ind1": "\\",
        "ind2": "\\",
        "subfields": [
          {
            "a": "00000000018116"
          },
          {
            "b": "Copy 2"
          }
        ]
      }
    }
  ]
}